<?xml version="1.0" encoding="UTF-8"?><collection xmlns="http://www.loc.gov/MARC21/slim"><record><leader>00613nam--2200181-i-4500</leader><controlfield tag="001">000027239</controlfield><controlfield tag="002">20161230</controlfield><controlfield tag="005">20161230201036</controlfield><controlfield tag="008">060222s1000------------r-----000-0-fre-d</controlfield><datafield ind1=" " ind2=" " tag="040"><subfield code="a">IFIN-HH</subfield></datafield><datafield ind1=" " ind2=" " tag="041"><subfield code="a">fre</subfield></datafield><datafield ind1=" " ind2=" " tag="080"><subfield code="a">539.18/19</subfield></datafield><datafield ind1="1" ind2=" " tag="100"><subfield code="a">Kondratiev, V.N</subfield></datafield><datafield ind1="1" ind2="0" tag="245"><subfield code="a">La structure des atomes et des molecules</subfield><subfield code="b">Edition mise a jour, traduite du russe par w. mercouroff, mme d. peschanski, m.s. tarassenko sous la direction de m. haissinsky, preface de m. haissinsky</subfield><subfield code="c">V.n. kondratiev</subfield></datafield><datafield ind1=" " ind2=" " tag="260"><subfield code="a">Paris</subfield><subfield code="b">Masson Et C-ie</subfield><subfield code="c">1964</subfield></datafield><datafield ind1=" " ind2=" " tag="300"><subfield code="a">466P</subfield></datafield><datafield ind1=" " ind2=" " tag="852"><subfield code="a">77336</subfield><subfield code="c">539.18</subfield></datafield><datafield ind1=" " ind2=" " tag="CAT"><subfield code="a">Sys</subfield><subfield code="c">20120711</subfield><subfield code="h">164512</subfield></datafield></record></collection>